@article{kuhn1955hungarian,
  title={The Hungarian method for the assignment problem},
  author={Kuhn, Harold W},
  journal={Naval research logistics quarterly},
  volume={2},
  number={1-2},
  pages={83--97},
  year={1955},
  publisher={Wiley Online Library}
}

@article{munkres1957algorithms,
  title={Algorithms for the assignment and transportation problems},
  author={Munkres, James},
  journal={Journal of the society for industrial and applied mathematics},
  volume={5},
  number={1},
  pages={32--38},
  year={1957},
  publisher={SIAM}
}

@article{heap1963permutations,
  title={Permutations by interchanges},
  author={Heap, BR},
  journal={The Computer Journal},
  volume={6},
  number={3},
  pages={293--298},
  year={1963},
  publisher={Br Computer Soc}
}

@article{durstenfeld1964algorithm,
  title={Algorithm 235: random permutation},
  author={Durstenfeld, Richard},
  journal={Communications of the ACM},
  volume={7},
  number={7},
  pages={420},
  year={1964},
  publisher={ACM}
}

@article{aldous2001zeta,
  title={The $\zeta$ (2) limit in the random assignment problem},
  author={Aldous, David J},
  journal={Random Structures \& Algorithms},
  volume={18},
  number={4},
  pages={381--418},
  year={2001},
  publisher={Wiley Online Library}
}

@article{kosowsky1994invisible,
  title={The invisible hand algorithm: Solving the assignment problem with statistical physics},
  author={Kosowsky, JJ and Yuille, Alan L},
  journal={Neural networks},
  volume={7},
  number={3},
  pages={477--490},
  year={1994},
  publisher={Elsevier}
}

